@article{fama1997,
  title={Industry costs of equity},
  author={Fama, Eugene F and French, Kenneth R},
  journal={Journal of financial economics},
  volume={43},
  number={2},
  pages={153--193},
  year={1997},
  publisher={Elsevier}
}


@article{grinold2000,
  title={Active portfolio management},
  author={Grinold, Richard C and Kahn, Ronald N},
  year={2000},
  publisher={McGraw Hill New York, NY}
}


  @Manual{Texevier,
    title = {{Texevier}: {P}ackage to create Elsevier templates for Rmarkdown},
    author = {N.F. Katzke},
    organization = {Bureau for Economic Research},
    address = {Stellenbosch, South Africa},
    note = {version 0.1.2},
    year = {2017},
  }

@techreport{hayo2008communicating,
  title={Communicating with many tongues: FOMC speeches and US financial market reaction},
  author={Hayo, Bernd and Kutan, Ali M and Neuenkirch, Matthias},
  year={2008},
  institution={MAGKS Joint Discussion Paper Series in Economics}
}

@article{baker2016measuring,
  title={Measuring economic policy uncertainty},
  author={Baker, Scott R and Bloom, Nicholas and Davis, Steven J},
  journal={The quarterly journal of economics},
  volume={131},
  number={4},
  pages={1593--1636},
  year={2016},
  publisher={Oxford University Press}
}

@inproceedings{maligkris2017political,
  title={Political speeches and stock market outcomes},
  author={Maligkris, Anastasios},
  booktitle={30th Australasian Finance and Banking Conference},
  year={2017}
}

@article{sazedj2011hope,
  title={Hope, Change, and Financial Markets: Can Obama's Words Drive the Market?},
  author={Sazedj, Sharmin and Tavares, Jos{\'e}},
  journal={Available at SSRN 1976054},
  year={2011}
}

@article{khedr2017predicting,
  title={Predicting stock market behavior using data mining technique and news sentiment analysis},
  author={Khedr, Ayman E and Yaseen, Nagwa and others},
  journal={International Journal of Intelligent Systems and Applications},
  volume={9},
  number={7},
  pages={22},
  year={2017},
  publisher={Modern Education and Computer Science Press}
}

@article{katre2019nlp,
  title={NLP based text analytics and visualization of political speeches},
  author={Katre, Paritosh D},
  journal={International Journal of Recent Technology and Engineering},
  volume={8},
  number={3},
  pages={8574--8579},
  year={2019}
}

@inproceedings{zubair2015extracting,
  title={Extracting news sentiment and establishing its relationship with the S\&P 500 index},
  author={Zubair, Sahil and Cios, Krzysztof J},
  booktitle={2015 48th Hawaii International Conference on System Sciences},
  pages={969--975},
  year={2015},
  organization={IEEE}
}

@article{kinyua2021analysis,
  title={An analysis of the impact of President Trumpâ€™s tweets on the DJIA and S\&P 500 using machine learning and sentiment analysis},
  author={Kinyua, Johnson D and Mutigwe, Charles and Cushing, Daniel J and Poggi, Michael},
  journal={Journal of behavioral and experimental finance},
  volume={29},
  pages={100447},
  year={2021},
  publisher={Elsevier}
}

@article{ren2018forecasting,
  title={Forecasting stock market movement direction using sentiment analysis and support vector machine},
  author={Ren, Rui and Wu, Desheng Dash and Liu, Tianxiang},
  journal={IEEE Systems Journal},
  volume={13},
  number={1},
  pages={760--770},
  year={2018},
  publisher={IEEE}
}

@inproceedings{purevdagva2020machine,
  title={A machine-learning based framework for detection of fake political speech},
  author={Purevdagva, Chinguun and Zhao, Rui and Huang, Pei-Chi and Mahoney, William},
  booktitle={2020 IEEE 14th International Conference on Big Data Science and Engineering (BigDataSE)},
  pages={80--87},
  year={2020},
  organization={IEEE}
}

@article{dilaisentiment,
  title={Sentiment Analysis of the US and Ukrainian Presidential Speeches},
  author={Dilai, M and Onukevych, Y and Dilai, I},
  journal={Computational linguistics and intelligent systems},
  pages={60--70},
  year={2021}
}

@inproceedings{jiao2017predicting,
  title={Predicting stock movement direction with machine learning: An extensive study on S\&P 500 stocks},
  author={Jiao, Yang and Jakubowicz, Jeremie},
  booktitle={2017 IEEE International Conference on Big Data (Big Data)},
  pages={4705--4713},
  year={2017},
  organization={IEEE}
}

@article{liu2016forecasting,
  title={Forecasting s\&p 500 stock index using statistical learning models},
  author={Liu, Chongda and Wang, Jihua and Xiao, Di and Liang, Qi},
  journal={Open journal of statistics},
  volume={6},
  number={6},
  pages={1067--1075},
  year={2016},
  publisher={Scientific Research Publishing}
}